[gd_scene load_steps=9 format=2]

[ext_resource path="res://assets/logos/KOC_pixel.png" type="Texture" id=1]
[ext_resource path="res://assets/fonts/8bitOperatorPlus8-Bold.ttf" type="DynamicFontData" id=2]
[ext_resource path="res://scenes/main_title.gd" type="Script" id=5]
[ext_resource path="res://assets/sounds/Coin01.wav" type="AudioStream" id=6]

[sub_resource type="DynamicFont" id=1]
size = 48
font_data = ExtResource( 2 )

[sub_resource type="Animation" id=2]
resource_name = "fade"
length = 2.0
loop = true
tracks/0/type = "bezier"
tracks/0/path = NodePath(".:modulate:a")
tracks/0/interp = 1
tracks/0/loop_wrap = true
tracks/0/imported = false
tracks/0/enabled = true
tracks/0/keys = {
"points": PoolRealArray( 0, -0.25, 0, 0.25, 0, 1, -0.25, 0, 0.25, 0, 1, -0.25, 0, 0.25, 0, 0, -0.25, 0, 0.25, 0 ),
"times": PoolRealArray( 0, 0.5, 1.4, 2 )
}

[sub_resource type="Animation" id=3]
resource_name = "fadeout"
length = 3.0
tracks/0/type = "bezier"
tracks/0/path = NodePath(".:modulate:a")
tracks/0/interp = 1
tracks/0/loop_wrap = true
tracks/0/imported = false
tracks/0/enabled = true
tracks/0/keys = {
"points": PoolRealArray( 0.960211, -0.25, 0, 0.25, 0, 0, -0.25, 0, 0.25, 0 ),
"times": PoolRealArray( 0, 3 )
}
tracks/1/type = "method"
tracks/1/path = NodePath(".")
tracks/1/interp = 1
tracks/1/loop_wrap = true
tracks/1/imported = false
tracks/1/enabled = true
tracks/1/keys = {
"times": PoolRealArray( 3 ),
"transitions": PoolRealArray( 1 ),
"values": [ {
"args": [  ],
"method": "next"
} ]
}
tracks/2/type = "audio"
tracks/2/path = NodePath("sound")
tracks/2/interp = 1
tracks/2/loop_wrap = true
tracks/2/imported = false
tracks/2/enabled = true
tracks/2/keys = {
"clips": [ {
"end_offset": 0.0,
"start_offset": 0.0,
"stream": ExtResource( 6 )
} ],
"times": PoolRealArray( 0 )
}

[sub_resource type="Animation" id=4]
tracks/0/type = "bezier"
tracks/0/path = NodePath(".:modulate:a")
tracks/0/interp = 1
tracks/0/loop_wrap = true
tracks/0/imported = false
tracks/0/enabled = true
tracks/0/keys = {
"points": PoolRealArray( 0, -0.25, 0, 0.25, 0, 1, -0.25, 0, 0.25, 0 ),
"times": PoolRealArray( 0, 1 )
}

[node name="main_title" type="Node2D"]
modulate = Color( 1, 1, 1, 0.960211 )
script = ExtResource( 5 )

[node name="start" type="Label" parent="."]
modulate = Color( 1, 1, 1, 0.86697 )
margin_left = 344.0
margin_top = 368.0
margin_right = 683.0
margin_bottom = 403.0
custom_fonts/font = SubResource( 1 )
text = "Press Start"
align = 1
__meta__ = {
"_edit_use_anchors_": false
}

[node name="AnimationPlayer" type="AnimationPlayer" parent="start"]
autoplay = "fade"
anims/fade = SubResource( 2 )

[node name="AnimationPlayer" type="AnimationPlayer" parent="."]
autoplay = "main"
anims/fadeout = SubResource( 3 )
anims/main = SubResource( 4 )

[node name="sound" type="AudioStreamPlayer" parent="."]
stream = ExtResource( 6 )

[node name="KOC_pixel" type="Sprite" parent="."]
position = Vector2( 512, 224 )
scale = Vector2( 2, 2 )
texture = ExtResource( 1 )

[node name="Timer" type="Timer" parent="."]
wait_time = 60.0
autostart = true

[connection signal="timeout" from="Timer" to="." method="_on_Timer_timeout"]
